<?xml version="1.0" encoding="UTF-8"?><collection xmlns="http://www.loc.gov/MARC21/slim"><record><leader>00512nam--2200145-i-4500</leader><controlfield tag="001">000004852</controlfield><controlfield tag="002">20161230</controlfield><controlfield tag="005">20161230201026</controlfield><controlfield tag="008">060222s1000------------r-----000-0-eng-d</controlfield><datafield ind1=" " ind2=" " tag="080"><subfield code="a">669</subfield></datafield><datafield ind1=" " ind2=" " tag="100"><subfield code="a">Brick, R.M. And Phillips, Arthur</subfield></datafield><datafield ind1=" " ind2=" " tag="245"><subfield code="a">Structure and properties of  alloys. the application of phase diagrams to the inter pretation and  control of industrial alloy structure</subfield></datafield><datafield ind1=" " ind2=" " tag="260"><subfield code="a">New York, Mcgraw-hill, 1949 Xix + 485 P</subfield></datafield><datafield ind1=" " ind2=" " tag="490"><subfield code="a">Metallurgy And Metallurgical Engineering Series</subfield></datafield><datafield ind1=" " ind2=" " tag="852"><subfield code="a">6562</subfield></datafield></record></collection>